<record><leader>00000cas a22000007a 4500</leader><controlfield tag="001">20174818</controlfield><controlfield tag="007">hd afu---buca</controlfield><controlfield tag="008">890814d18101814ctuuu nea     0   a0eng d</controlfield><datafield ind1=" " ind2=" " tag="010"><subfield code="a">sn 90024102 </subfield></datafield><datafield ind1=" " ind2=" " tag="040"><subfield code="a">ALM</subfield><subfield code="b">eng</subfield><subfield code="c">ALM</subfield><subfield code="d">OCL</subfield><subfield code="d">HUL</subfield><subfield code="d">DLC</subfield><subfield code="d">BOS</subfield><subfield code="d">OCLCF</subfield><subfield code="d">OCLCO</subfield></datafield><datafield ind1=" " ind2=" " tag="012"><subfield code="i">9004</subfield></datafield><datafield ind1="1" ind2=" " tag="029"><subfield code="a">AU@</subfield><subfield code="b">000020122906</subfield></datafield><datafield ind1="1" ind2=" " tag="029"><subfield code="a">AU@</subfield><subfield code="b">000006722487</subfield></datafield><datafield ind1=" " ind2=" " tag="042"><subfield code="a">msc</subfield></datafield><datafield ind1=" " ind2=" " tag="043"><subfield code="a">n-us-me</subfield></datafield><datafield ind1=" " ind2="4" tag="050"><subfield code="a">AN25.H3</subfield><subfield code="b">A5</subfield></datafield><datafield ind1="0" ind2=" " tag="130"><subfield code="a">American advocate (Hallowell, Me. : 1810)</subfield></datafield><datafield ind1="0" ind2="0" tag="245"><subfield code="a">American advocate</subfield><subfield code="h">[microform].</subfield></datafield><datafield ind1=" " ind2=" " tag="260"><subfield code="a">Hallowell, Me. :</subfield><subfield code="b">Nathaniel Cheever,</subfield><subfield code="c">1810-1814.</subfield></datafield><datafield ind1=" " ind2=" " tag="300"><subfield code="a">5 v. ;</subfield><subfield code="c">45-48 cm.</subfield></datafield><datafield ind1=" " ind2=" " tag="310"><subfield code="a">Weekly</subfield></datafield><datafield ind1="0" ind2=" " tag="362"><subfield code="a">Vol. 1, no. 1 (Jan. 23, 1810)-v. 5, no. 26 (July 16, 1814).</subfield></datafield><datafield ind1=" " ind2=" " tag="500"><subfield code="a">"Democratic Republican."</subfield></datafield><datafield ind1=" " ind2=" " tag="533"><subfield code="a">Microfilm.</subfield><subfield code="b">New Canaan, Conn. :</subfield><subfield code="c">Readex,</subfield><subfield code="d">1989.</subfield><subfield code="e">1 microfilm reel ; 35 mm.</subfield><subfield code="f">(Early American newspapers)</subfield></datafield><datafield ind1=" " ind2="0" tag="651"><subfield code="a">Hallowell (Me.)</subfield><subfield code="x">Newspapers.</subfield></datafield><datafield ind1=" " ind2="7" tag="655"><subfield code="a">Newspapers.</subfield><subfield code="2">fast</subfield><subfield code="0">(OCoLC)fst01423814</subfield></datafield><datafield ind1=" " ind2="7" tag="651"><subfield code="a">Maine</subfield><subfield code="z">Hallowell.</subfield><subfield code="2">fast</subfield><subfield code="0">(OCoLC)fst01229888</subfield></datafield><datafield ind1=" " ind2=" " tag="752"><subfield code="a">United States</subfield><subfield code="b">Maine</subfield><subfield code="c">Kennebec</subfield><subfield code="d">Hallowell.</subfield></datafield><datafield ind1="0" ind2="0" tag="785"><subfield code="t">American advocate, and Kennebec advertiser</subfield><subfield code="w">(DLC)sn 90024101</subfield><subfield code="w">(OCoLC)20174884</subfield></datafield><datafield ind1=" " ind2=" " tag="850"><subfield code="a">MH</subfield></datafield></record>